@article{tom1992,
title={Augmented Reality: An Application of Heads-Up Display Technology to Manual Manufacturing Processes},
author={ Tom Caudell and David Mizell},
pages={660-661},
year={1992},
}
@article{clemens2015,
title={The History of Mobile Augmented Reality},
author={Clemens Arth and Raphael Grasset and Lukas Gruber and Tobias Langlotz and Alessandro Mulloni and Daniel Wagner},
year={2015},
}
@article{baoyonggang2019,
title={理想的AR眼镜不会很快到来 最大的阻碍是芯片设计},
author={包永刚},
year={2017},
}
@article{dazhuanglv2017,
title={AR目前无法跨越的三座高山： 视场角、理解物体和自适应设计},
author={大壮旅},
editor={田苗},
year={2019},
}
@article{zengqiangxianshi,
title={增强现实技术},
author={百度百科},
}
@article{jisuanjishijue,
title={计算机视觉},
author={百度百科},
}
@article{jisuanjishenjingwangluo,
title={计算机神经网络},
author={百度百科},
}